<record><leader>00000cas a22000007a 4500</leader><controlfield tag="001">14563000</controlfield><controlfield tag="008">861029d18741907mouwr ne      0    0ger d</controlfield><datafield ind1=" " ind2=" " tag="010"><subfield code="a">sn 86053844 </subfield></datafield><datafield ind1=" " ind2=" " tag="040"><subfield code="a">NPX</subfield><subfield code="b">eng</subfield><subfield code="c">NPX</subfield><subfield code="d">MQN</subfield><subfield code="d">OCLCQ</subfield><subfield code="d">OCLCF</subfield><subfield code="d">OCLCO</subfield></datafield><datafield ind1="1" ind2=" " tag="029"><subfield code="a">AU@</subfield><subfield code="b">000025796174</subfield></datafield><datafield ind1=" " ind2=" " tag="042"><subfield code="a">msc</subfield></datafield><datafield ind1=" " ind2=" " tag="043"><subfield code="a">n-us-mo</subfield></datafield><datafield ind1="0" ind2="0" tag="245"><subfield code="a">Central Missourier.</subfield></datafield><datafield ind1=" " ind2=" " tag="260"><subfield code="a">Boonville, Mo. :</subfield><subfield code="b">F.W. Ludwig &amp; Co.,</subfield><subfield code="c">1874-1907.</subfield></datafield><datafield ind1=" " ind2=" " tag="300"><subfield code="a">v. ;</subfield><subfield code="c">63 cm.</subfield></datafield><datafield ind1=" " ind2=" " tag="310"><subfield code="a">Weekly</subfield></datafield><datafield ind1="0" ind2=" " tag="362"><subfield code="a">Jahrg. 1, Nr. 1 (22. Okt. 1874)-Jahrg. 40, Nr. 52 (26. Dez. 1907).</subfield></datafield><datafield ind1=" " ind2=" " tag="525"><subfield code="a">Supplements: Sonntags Beilage, May 1, 1877-Apr. 18, 1878; Der Erzahler, May 2-July 11, 1878, Aug. 7, 1879-1885; Beilage, July 18-Dec. 19, 1878; Schwanke in Bild und Wort, Dec. 26, 1878-July 31, 1879.</subfield></datafield><datafield ind1=" " ind2=" " tag="546"><subfield code="a">In German.</subfield></datafield><datafield ind1=" " ind2="0" tag="650"><subfield code="a">Germans</subfield><subfield code="z">Missouri</subfield><subfield code="z">Boonville</subfield><subfield code="v">Newspapers.</subfield></datafield><datafield ind1=" " ind2="7" tag="655"><subfield code="a">Newspapers.</subfield><subfield code="2">fast</subfield><subfield code="0">(OCoLC)fst01423814</subfield></datafield><datafield ind1=" " ind2="7" tag="650"><subfield code="a">Germans.</subfield><subfield code="2">fast</subfield><subfield code="0">(OCoLC)fst00942100</subfield></datafield><datafield ind1=" " ind2="7" tag="651"><subfield code="a">Missouri</subfield><subfield code="z">Boonville.</subfield><subfield code="2">fast</subfield><subfield code="0">(OCoLC)fst01220793</subfield></datafield><datafield ind1=" " ind2=" " tag="752"><subfield code="a">United States</subfield><subfield code="b">Missouri</subfield><subfield code="c">Cooper</subfield><subfield code="d">Boonville.</subfield></datafield><datafield ind1="0" ind2="0" tag="780"><subfield code="t">Wa&#776;cter am Missouri (Boonville, Mo. : 1868)</subfield><subfield code="w">(DLC)sn 85033833</subfield></datafield></record>